%% This BibTeX bibliography file was created using BibDesk.
%% http://bibdesk.sourceforge.net/


%% Created for Marshall Mattingly at 2015-05-14 21:02:38 -0500 


%% Saved with string encoding Unicode (UTF-8) 



@electronic{dc-changing-2014,
	Author = {Peter Tatian and Serena Lei},
	Date-Added = {2015-05-15 01:57:01 +0000},
	Date-Modified = {2015-05-15 02:01:16 +0000},
	Title = {Washington DC: Our Changing City},
	Url = {datatools.urban.org/features/OurChangingCity/demographics/},
	Bdsk-Url-1 = {datatools.urban.org/features/OurChangingCity/demographics/}}

@electronic{urban-layers-2014,
	Author = {Morphocode},
	Date-Added = {2015-05-15 01:56:00 +0000},
	Date-Modified = {2015-05-15 02:01:51 +0000},
	Title = {Urban Layers},
	Url = {http://io.morphocode.com/urban-layers/},
	Bdsk-Url-1 = {http://io.morphocode.com/urban-layers/}}

@electronic{us-historical-atlas-2014,
	Author = {University of Richmond},
	Date-Added = {2015-05-15 01:54:53 +0000},
	Date-Modified = {2015-05-15 02:02:37 +0000},
	Title = {Atlas of the Historical History of the United States},
	Url = {http://dsl.richmond.edu/historicalatlas/},
	Bdsk-Url-1 = {http://dsl.richmond.edu/historicalatlas/}}
